@article{

author={Luria,S. E. and Delbr√ºck,M.},

year={1943},

title={Mutations of Bacteria from Virus Sensitivity to Virus Resistance},

journal={Genetics (Austin)},

volume={28},

number={6},

pages={491-511},

keywords={Investigations},

isbn={0016-6731},

language={English},

}