@book{TheCell,
  author    = {Bruce Alberts and Rebecca Heald and Alexander Johnson and David Morgan and Martin Raff and Keith Roberts and Peter Walter},
  title     = {Molecular Biology of the Cell},
  publisher = {W. W. Norton and Company},
  year      = {2022},
  edition   = {7th}
}

@book{Lehninger,
  author    = {David L. Nelson,Michael M. Cox},
  title     = {Principle of Biochemistry},
  publisher = {W. H. FREEMAN AND COMPANY â€¢ New York},
  year      = {2013},
  edition   = {6th}
}

@misc{websiteKey,     
  title        = {3C-like protease},
  howpublished = {\url{https://en.wikipedia.org/wiki/3C-like_protease}}, 
  year         = {2024},               
  note         = {Accessed: 2024-09-13} 
}

@misc{Homogenization,     
  title        = {Homogenization},
  howpublished = {\url{https://en.wikipedia.org/wiki/Homogenization_(chemistry)#cite_note-1}}
}

@misc{EDANS,     
  title        = {EDANS},
  howpublished = {\url{https://en.wikipedia.org/wiki/EDANS}}
}


@misc{Quencher,     
  title        = {Quencher},
  howpublished = {\url{https://en.wikipedia.org/wiki/Dark_quencher}}
}
@misc{bestsel,     
  title        = {BESTSEL},
  howpublished = {\url{http://bestsel.elte.hu/}}
}
@misc{pkumdl,     
  title        = {PKUMDL},
  howpublished = {\url{http://pkumdl.cn:8000/cavityplus/index.php#/computation}}
}
