@book{TheCell,
  author    = {Bruce Alberts and Rebecca Heald and Alexander Johnson and David Morgan and Martin Raff and Keith Roberts and Peter Walter},
  title     = {Molecular Biology of the Cell},
  publisher = {W. W. Norton and Company},
  year      = {2022},
  edition   = {7th}
}

@misc{cGAS-wiki,
  author       = {Wikipedia contributors},     
  title        = {cGAS-STING Cytosolic DNA Sensing Pathway},
  howpublished = {\url{https://en.wikipedia.org/wiki/CGAS%E2%80%93STING_cytosolic_DNA_sensing_pathway}}, 
  year         = {2024},               
  note         = {Accessed: 2024-12-20} 
}

